<?xml version="1.0" encoding="UTF-8"?><collection xmlns="http://www.loc.gov/MARC21/slim"><record><leader>00502nam--2200169-i-4500</leader><controlfield tag="001">000012567</controlfield><controlfield tag="002">20161230</controlfield><controlfield tag="005">20161230201029</controlfield><controlfield tag="008">060222s1000------------r-----000-0-eng-d</controlfield><datafield ind1=" " ind2=" " tag="040"><subfield code="a">IFIN-HH</subfield></datafield><datafield ind1=" " ind2=" " tag="080"><subfield code="a">531.011(043)</subfield></datafield><datafield ind1="1" ind2=" " tag="100"><subfield code="a">Dulock, Victor August</subfield></datafield><datafield ind1="1" ind2="0" tag="245"><subfield code="a">A study of accidental degeneracy in hamiltonian mechanics</subfield><subfield code="b">Dissertation june 1964</subfield><subfield code="c">Victor August Dulock</subfield></datafield><datafield ind1=" " ind2=" " tag="260"><subfield code="a">Florida, University Of Florida, 1964</subfield></datafield><datafield ind1=" " ind2=" " tag="300"><subfield code="a">VI+108P</subfield></datafield><datafield ind1=" " ind2=" " tag="852"><subfield code="a">45680</subfield><subfield code="c">531</subfield></datafield><datafield ind1=" " ind2=" " tag="CAT"><subfield code="a">Sys</subfield><subfield code="c">20100630</subfield><subfield code="h">085751</subfield></datafield></record></collection>